@inproceedings{Claessen,
 author = {Claessen, Koen and Hughes, John and Palka, Michal and Smallbone, Nick and Svensson, Hans},
 title = {Ranking programs using black box testing},
 booktitle = {Proceedings of the 5th Workshop on Automation of Software Test},
 series = {AST '10},
 year = {2010},
 isbn = {978-1-60558-970-1},
 location = {Cape Town, South Africa},
 pages = {103--110},
 numpages = {8},
 url = {http://doi.acm.org/10.1145/1808266.1808282},
 doi = {10.1145/1808266.1808282},
 acmid = {1808282},
 publisher = {ACM},
 address = {New York, NY, USA},
} 

@article{QuickCheck,
 author = {Claessen, Koen and Hughes, John},
 title = {QuickCheck: a lightweight tool for random testing of Haskell programs},
 journal = {SIGPLAN Not.},
 issue_date = {Sept. 2000},
 volume = {35},
 number = {9},
 month = sep,
 year = {2000},
 issn = {0362-1340},
 pages = {268--279},
 numpages = {12},
 url = {http://doi.acm.org/10.1145/357766.351266},
 doi = {10.1145/357766.351266},
 acmid = {351266},
 publisher = {ACM},
 address = {New York, NY, USA},
} 
